@article{schafer2005shrinkage,
    title={A shrinkage approach to large-scale covariance matrix estimation and implications for functional genomics},
    author={Sch{\"a}fer, Juliane and Strimmer, Korbinian},
    journal={Stat. Appl. Genet. Mol. Biol.},
    volume={4},
    number={1},
    pages={1--30},
    doi={10.2202/1544-6115.1175},
    year={2005}
}

@article{ledoit2004well,
    title={A well-conditioned estimator for large-dimensional covariance matrices},
    author={Ledoit, Olivier and Wolf, Michael},
    journal={J. Multivariate Anal.},
    volume={88},
    number={2},
    pages={365--411},
    year={2004},
    doi={10.1016/S0047-259X(03)00096-4},
    publisher={Elsevier}
}

@article{sriperumbudur2011majorization,
    title={A majorization-minimization approach to the sparse generalized eigenvalue problem},
    author={Sriperumbudur, Bharath K and Torres, David A and Lanckriet, Gert RG},
    journal={Mach. Learn.},
    volume={85},
    number={1-2},
    pages={3--39},
    year={2011},
    doi={10.1007/s10994-010-5226-3},
    publisher={Springer}
}

@article{boyd2011distributed,
    author = {Boyd, Stephen and Parikh, Neal and Chu, Eric and Peleato, Borja and Eckstein, Jonathan},
    title = {Distributed Optimization and Statistical Learning via the Alternating Direction Method of Multipliers},
    journal = {Found. Trends Mach. Learn.},
    issue_date = {January 2011},
    volume = {3},
    number = {1},
    month = jan,
    year = {2011},
    issn = {1935-8237},
    pages = {1--122},
    numpages = {122},
    doi = {10.1561/2200000016},
    acmid = {2185816},
    publisher = {Now Publishers Inc.},
    address = {Hanover, MA, USA},
}


@article{kiseliov1994algorithms,
    year={1994},
    issn={0363-1672},
    journal={Lithuanian Math. J.},
    volume={34},
    number={2},
    doi={10.1007/BF02333413},
    title={Algorithms of projection of a point onto an ellipsoid},
    url={http://dx.doi.org/10.1007/BF02333413},
    publisher={Kluwer Academic Publishers-Plenum Publishers},
    author={Kiseliov, Yu.N.},
    pages={141-159},
    language={English}
}


@article{laio2002escaping,
  doi = {10.1073/pnas.202427399},
  url = {http://dx.doi.org/10.1073/pnas.202427399},
  year  = {2002},
  month = {sep},
  publisher = {Proc. Natl. Acad. Sci. U.S.A},
  volume = {99},
  number = {20},
  pages = {12562--12566},
  author = {A. Laio and M. Parrinello},
  title = {Escaping free-energy minima},
  journal = {Proc. Natl. Acad. Sci. U.S.A.}
}

@article{kastner2011umbrella,
  title={Umbrella sampling},
  author={K{\"a}stner, Johannes},
  journal={Wiley Interdiscip. Rev. Mol. Sci.},
  volume={1},
  number={6},
  pages={932--942},
  year={2011},
  doi={10.1002/wcms.66},
  publisher={Wiley Online Library}
}

@article {knight2009lambda,
author = {Knight, Jennifer L. and Brooks, Charles L.},
title = {$\lambda$-Dynamics free energy simulation methods},
journal = {J. Comput. Chem.},
volume = {30},
number = {11},
publisher = {Wiley Subscription Services, Inc., A Wiley Company},
issn = {1096-987X},
url = {http://dx.doi.org/10.1002/jcc.21295},
doi = {10.1002/jcc.21295},
pages = {1692--1700},
keywords = {free energy, protein-ligand, sampling, drug design},
year = {2009},
}


@article{faccioli2010dominant,
  doi = {10.1063/1.3459097},
  url = {http://dx.doi.org/10.1063/1.3459097},
  year  = {2010},
  publisher = {{AIP} Publishing},
  volume = {133},
  number = {4},
  pages = {045104},
  author = {Pietro Faccioli and Alice Lonardi and Henri Orland},
  title = {Dominant reaction pathways in protein folding: A direct validation against molecular dynamics simulations},
  journal = {J. Chem. Phys.}
}

@article{Berkowitz1983Diffusion,
   author = "Berkowitz, Max and Morgan, J. D. and McCammon, J. A. and Northrup, S. H.",
   title = "Diffusion-controlled reactions: A variational formula for the optimum reaction coordinate",
   journal = "J. Chem. Phys.",
   year = "1983",
   volume = "79",
   number = "11",
   pages = "5563--5565",
   url = "http://scitation.aip.org/content/aip/journal/jcp/79/11/10.1063/1.445675",
   doi = "10.1063/1.445675"
}



@article{ulitsky1990new,
   author = "Ulitsky, Alexander and Elber, Ron",
   title = "A new technique to calculate steepest descent paths in flexible polyatomic systems",
   journal = "J. Chem. Phys.",
   year = "1990",
   volume = "92",
   number = "2",
   pages = "1510--1511",
   url = "http://scitation.aip.org/content/aip/journal/jcp/92/2/10.1063/1.458112",
   doi = "10.1063/1.458112"
}



@article{ovchinnikov2011free,
   author = "Ovchinnikov, Victor and Karplus, Martin and Vanden-Eijnden, Eric",
   title = "Free energy of conformational transition paths in biomolecules: The string method and its application to myosin VI",
   journal = "J. Chem. Phys.",
   year = "2011",
   volume = "134",
   number = "8",
   pages = "085103",
   url = "http://scitation.aip.org/content/aip/journal/jcp/134/8/10.1063/1.3544209",
   doi = "10.1063/1.3544209"
}



@article{peters2006using,
   author = "Peters, Baron",
   title = "Using the histogram test to quantify reaction coordinate error",
   journal = "J. Chem. Phys.",
   year = "2006",
   volume = "125",
   number = "24",
   pages = "241101",
   url = "http://scitation.aip.org/content/aip/journal/jcp/125/24/10.1063/1.2409924",
   doi = "10.1063/1.2409924"
}



@article{ma2005automatic,
author = {Ao Ma and Aaron R. Dinner},
title = {Automatic Method for Identifying Reaction Coordinates in Complex Systems},
journal = {J. Phys. Chem. B},
volume = {109},
number = {14},
pages = {6769-6779},
year = {2005},
doi = {10.1021/jp045546c},
URL = {http://dx.doi.org/10.1021/jp045546c}
}


@article{e2010transition,
author = {Weinan E and Eric Vanden-Eijnden},
title = {Transition-Path Theory and Path-Finding Algorithms for the Study of Rare Events},
journal = {Annu. Rev. Phys. Chem.},
volume = {61},
number = {1},
pages = {391-420},
year = {2010},
doi = {10.1146/annurev.physchem.040808.090412},
URL = {http://dx.doi.org/10.1146/annurev.physchem.040808.090412}
}


@article{e2007simplified,
   author = "E, Weinan and Ren, Weiqing and Vanden-Eijnden, Eric",
   title = "Simplified and improved string method for computing the minimum energy paths in barrier-crossing events",
   journal = "J. Chem. Phys.",
   year = "2007",
   volume = "126",
   number = "16",
   pages = "164103",
   url = "http://scitation.aip.org/content/aip/journal/jcp/126/16/10.1063/1.2720838",
   doi = "10.1063/1.2720838"
}


@inbook{honsson1998nudged,
    author = {J\'{o}nsson, H. and Mills, G. and Jacobsen, K. W.},
    booktitle = {Classical and quantum dynamics in condensed phase simulations},
    chapter = {16},
    citeulike-article-id = {6211270},
    keywords = {chapt\_cmn, methods, transition\_path},
    pages = {385--404},
    posted-at = {2009-11-25 17:59:57},
    priority = {2},
    publisher = {World Scientific},
    title = {{Nudged elastic band method for finding minimum energy paths of transition}},
    year = {1998}
}



@article{e2002string,
  title = {String method for the study of rare events},
  author = {E, Weinan and Ren, Weiqing and Vanden-Eijnden, Eric},
  journal = {Phys. Rev. B},
  volume = {66},
  issue = {5},
  pages = {052301},
  numpages = {4},
  year = {2002},
  month = {Aug},
  publisher = {American Physical Society},
  doi = {10.1103/PhysRevB.66.052301},
  url = {http://link.aps.org/doi/10.1103/PhysRevB.66.052301}
}


@article{peters2006obtaining,
   author = "Peters, Baron and Trout, Bernhardt L.",
   title = "Obtaining reaction coordinates by likelihood maximization",
   journal = "J. Chem. Phys.",
   year = "2006",
   volume = "125",
   number = "5",
   pages = "054108",
   url = "http://scitation.aip.org/content/aip/journal/jcp/125/5/10.1063/1.2234477",
   doi = "10.1063/1.2234477"
}


@article{best2005reaction,
    author = {Best, Robert B. and Hummer, Gerhard},
    title = {Reaction coordinates and rates from transition paths},
    volume = {102},
    number = {19},
    pages = {6732-6737},
    year = {2005},
    doi = {10.1073/pnas.0408098102},
    URL = {http://www.pnas.org/content/102/19/6732.abstract},
    journal = {Proc. Natl. Acad. Sci. U.S.A.}
}

@article{sichun2006effective,
   author = "Yang, Sichun and Onuchic, Jos\'{e} N. and Levine, Herbert",
   title = "Effective stochastic dynamics on a protein folding energy landscape",
   journal = "J. Chem. Phys.",
   year = "2006",
   volume = "125",
   number = "5",
   pages = "054910",
   url = "http://scitation.aip.org/content/aip/journal/jcp/125/5/10.1063/1.2229206",
   doi = "10.1063/1.2229206"
}




@article{KRAMERS1940284,
    title = "Brownian motion in a field of force and the diffusion model of chemical reactions",
    journal = "Physica",
    volume = "7",
    number = "4",
    pages = "284 - 304",
    year = "1940",
    issn = "0031-8914",
    doi = "10.1016/S0031-8914(40)90098-2",
    url = "http://www.sciencedirect.com/science/article/pii/S0031891440900982",
    author = "H.A. Kramers"
}

@article{RevModPhys.62.251,
  title = {Reaction-rate theory: fifty years after Kramers},
  author = {H\"anggi, Peter and Talkner, Peter and Borkovec, Michal},
  journal = {Rev. Mod. Phys.},
  volume = {62},
  issue = {2},
  pages = {251--341},
  numpages = {0},
  year = {1990},
  publisher = {American Physical Society},
  doi = {10.1103/RevModPhys.62.251},
  url = {http://link.aps.org/doi/10.1103/RevModPhys.62.251}
}


@article{pechukas1981transition,
  title={Transition state theory},
  author={Pechukas, Philip},
  journal={Annu. Rev. Phys. Chem.},
  volume={32},
  number={1},
  pages={159--177},
  doi={10.1146/annurev.pc.32.100181.001111},
  year={1981}
}

@article{truhlar1996current,
  title={Current status of transition-state theory},
  author={Truhlar, Donald G and Garrett, Bruce C and Klippenstein, Stephen J},
  journal={J. Phys. Chem.},
  volume={100},
  number={31},
  pages={12771--12800},
  year={1996},
  doi={10.1021/jp953748q},
  publisher={ACS Publications}
}

@article{Bernardi2015Enhanced,
    title = "Enhanced sampling techniques in molecular dynamics simulations of biological systems ",
    journal = "Biochim. Biophys. Acta, Gen. Subj.",
    volume = "1850",
    number = "5",
    pages = "872 - 877",
    year = "2015",
    issn = "0304-4165",
    doi = "10.1016/j.bbagen.2014.10.019",
    url = "http://www.sciencedirect.com/science/article/pii/S0304416514003559",
    author = "Rafael C. Bernardi and Marcelo C.R. Melo and Klaus Schulten"
}


@article{Torrie1977187,
    title = "Nonphysical sampling distributions in Monte Carlo free-energy estimation: Umbrella sampling ",
    journal = "J. Comput. Phys.",
    volume = "23",
    number = "2",
    pages = "187--199",
    year = "1977",
    issn = "0021-9991",
    doi = "10.1016/0021-9991(77)90121-8",
    url = "http://www.sciencedirect.com/science/article/pii/0021999177901218",
    author = "G.M. Torrie and J.P. Valleau"
}



@article{Geissler1999kinetic,
    author = {Phillip L. Geissler and Christoph Dellago and David Chandler},
    title = {Kinetic Pathways of Ion Pair Dissociation in Water},
    journal = {J. Phys. Chem. B},
    volume = {103},
    number = {18},
    pages = {3706-3710},
    year = {1999},
    doi = {10.1021/jp984837g},
    URL = {http://dx.doi.org/10.1021/jp984837g}
}

@article{Du1998transition,
   author = "Du, Rose and Pande, Vijay S. and Grosberg, Alexander Yu. and Tanaka, Toyoichi and Shakhnovich, Eugene S.",
   title = "On the transition coordinate for protein folding",
   journal = "J. Chem. Phys.",
   year = "1998",
   volume = "108",
   number = "1",
   pages = "334--350",
   url = "http://scitation.aip.org/content/aip/journal/jcp/108/1/10.1063/1.475393",
   doi = "10.1063/1.475393"
}



@article{Bolhuis2002TRANSITION,
    author = { Peter G. Bolhuis and  David Chandler and  Christoph Dellago and  Phillip L. Geissler},
    title = {TRANSITION PATH SAMPLING: Throwing Ropes Over Rough Mountain Passes, in the Dark},
    journal = {Annu. Rev. Phys. Chem.},
    volume = {53},
    number = {1},
    pages = {291--318},
    year = {2002},
    doi = {10.1146/annurev.physchem.53.082301.113146},
    URL = {http://dx.doi.org/10.1146/annurev.physchem.53.082301.113146}
}

@article{Maragliano2006String,
   author = "Maragliano, Luca and Fischer, Alexander and Vanden-Eijnden, Eric and Ciccotti, Giovanni",
   title = "String method in collective variables: Minimum free energy paths and isocommittor surfaces",
   journal = "J. Chem. Phys.",
   year = "2006",
   volume = "125",
   number = "2",
   pages = "024106",
   url = "http://scitation.aip.org/content/aip/journal/jcp/125/2/10.1063/1.2212942",
   doi = "10.1063/1.2212942"
}



@book{steinfeld1999chemical,
  title={Chemical kinetics and dynamics},
  author={Steinfeld, Jeffrey I and Francisco, Joseph Salvadore and Hase, William L},
  year={1999},
  isbn={9780137371235},
  url={https://books.google.com/books?id=I1jwAAAAMAAJ},
  publisher={Prentice Hall}
}

@Article{	  cho2006p,
  author	= {Cho, Samuel S. and Levy, Yaakov and Wolynes, Peter G.},
  title		= {P versus {Q}: Structural reaction coordinates capture
		  protein folding on smooth landscapes},
  volume	= {103},
  number	= {3},
  pages		= {586-591},
  year		= {2006},
  doi={10.1073/pnas.0509768103},
  journal	= {Proc. Natl. Acad. Sci. U.S.A.}
}

@article{Gsponer14052002,
    author = {Gsponer, J\"{o}rg and Caflisch, Amedeo},
    title = {Molecular dynamics simulations of protein folding from the transition state},
    volume = {99},
    number = {10},
    pages = {6719-6724},
    year = {2002},
    doi = {10.1073/pnas.092686399},
    URL = {http://www.pnas.org/content/99/10/6719.abstract},
    journal = {Proc. Natl. Acad. Sci. U.S.A.}
}

@article{Sheinerman17021998,
    author = {Sheinerman, Felix B. and Brooks, Charles L.},
    title = {Molecular picture of folding of a small $\alpha/\beta$ protein},
    volume = {95},
    number = {4},
    pages = {1562-1567},
    year = {1998},
    doi={10.1073/pnas.95.4.1562},
    URL = {http://www.pnas.org/content/95/4/1562.abstract},
    journal = {Proc. Natl. Acad. Sci. U.S.A.}
}

@article{Zhou18122001,
    author = {Zhou, Ruhong and Berne, Bruce J. and Germain, Robert},
    title = {The free energy landscape for $\beta$ hairpin folding in explicit water},
    volume = {98},
    number = {26},
    pages = {14931-14936},
    year = {2001},
    doi = {10.1073/pnas.201543998},
    URL = {http://www.pnas.org/content/98/26/14931.abstract},
    journal = {Proc. Natl. Acad. Sci. U.S.A.}
}

@article{Bolhuis23052000,
    author = {Bolhuis, Peter G. and Dellago, Christoph and Chandler, David},
    title = {Reaction coordinates of biomolecular isomerization},
    volume = {97},
    number = {11},
    pages = {5877-5882},
    year = {2000},
    doi = {10.1073/pnas.100127697},
    URL = {http://www.pnas.org/content/97/11/5877.abstract},
    journal = {Proc. Natl. Acad. Sci. U.S.A.}
}

@book{Schmelzer2005nucleation,
    editor = {J\"{u}rn W. P. Schmelzer},
    publisher = {Wiley-VCH Verlag GmbH},
    isbn = {9783527604791},
    url = {http://dx.doi.org/10.1002/3527604790.fmatter},
    doi = {10.1002/3527604790.fmatter},
    title = {Nucleation Theory and Applications},
    year = {2005},
}


@article{dewar1984location,
  title={Location of transition states in reaction mechanisms},
  author={Dewar, Michael JS and Healy, Eamonn F and Stewart, James JP},
  journal={J. Chem. Soc., Faraday Trans. 2},
  volume={80},
  number={3},
  pages={227--233},
  year={1984},
  publisher={Royal Society of Chemistry}
}

@Book{		  schutte2001transfer,
  title		= {Transfer Operator Approach to Conformational Dynamics in
		  Biomolecular Systems},
  author	= {Sch{\"u}tte, Ch and Huisinga, Wilhelm and Deuflhard,
		  Peter},
  year		= {2001},
  doi           = {10.1007/978-3-642-56589-2_9},
  publisher	= {Springer}
}

@article{doi:10.1021/acs.jctc.5b00553,
    author = {Frank No\'{e} and Cecilia Clementi},
    title = {Kinetic Distance and Kinetic Maps from Molecular Dynamics Simulation},
    journal = {J. Chem. Theory Comput.},
    volume = {11},
    number = {10},
    pages = {5002-5011},
    year = {2015},
    doi = {10.1021/acs.jctc.5b00553},
    URL = { http://dx.doi.org/10.1021/acs.jctc.5b00553}
}


@article{tibshirani1996regression,
  title={Regression shrinkage and selection via the lasso},
  author={Tibshirani, Robert},
  journal={J. R. Statistic. Soc. B},
  pages={267--288},
  year={1996},
  url={http://www.jstor.org/stable/2346178},
  publisher={JSTOR}
}

@article{fan2001variable,
  title={Variable selection via nonconcave penalized likelihood and its oracle properties},
  author={Fan, Jianqing and Li, Runze},
  journal={J. Am. Stat. Assoc.},
  volume={96},
  number={456},
  pages={1348--1360},
  year={2001},
  doi={10.1198/016214501753382273},
  publisher={Taylor \& Francis}
}


@article{efron2004least,
  ISSN = {00905364},
  URL = {http://www.jstor.org/stable/3448465},
  author = {Bradley Efron and Trevor Hastie and Iain Johnstone and Robert Tibshirani},
  journal={Ann. Statist.},
  number = {2},
  pages = {407-451},
  publisher = {Institute of Mathematical Statistics},
  title = {Least Angle Regression},
  volume = {32},
  doi={10.1214/009053604000000067},
  year = {2004}
}


@article{horst1999dc,
  title={DC programming: overview},
  author={Horst, Reiner and Thoai, Nguyen V},
  journal={J. Optim. Theory Appl.},
  volume={103},
  number={1},
  pages={1--43},
  year={1999},
  doi={10.1007/978-1-4615-0015-5_4},
  publisher={Springer}
}

@article{mcgibbon2015variational,
   author = "McGibbon, Robert T. and Pande, Vijay S.",
   title = "Variational cross-validation of slow dynamical modes in molecular kinetics",
   journal = "J. Chem. Phys.",
   year = "2015",
   volume = "142",
   number = "12",
   pages = "124105",
   url = "http://scitation.aip.org/content/aip/journal/jcp/142/12/10.1063/1.4916292",
   doi = "10.1063/1.4916292"
}

@Article{	  noe2013variational,
  title		= {A variational approach to modeling slow processes in
		  stochastic dynamical systems},
  author	= {No{\'e}, Frank and N\"{u}ske, Feliks},
  journal	= {Multiscale Model. Simul.},
  volume	= 11,
  number	= 2,
  pages		= {635--655},
  year		= 2013,
  publisher	= {SIAM},
  doi		= {10.1137/110858616}
}

@Article{	  nuske2014variational,
  author	= {N{\"u}ske, Feliks and Keller, Bettina G. and
		  P{\'e}rez-Hern{\'a}ndez, Guillermo and Mey, Antonia S. J.
		  S. and No{\'e}, Frank},
  title		= {Variational Approach to Molecular Kinetics},
  journal	= {J. Chem. Theory Comput.},
  volume	= 10,
  number	= 4,
  pages		= {1739--1752},
  year		= 2014,
  doi		= {10.1021/ct4009156}
}


@Article{	  perez2013identification,
  author	= "P{\'e}rez-Hern{\'a}ndez, Guillermo and Paul, Fabian and
		  Giorgino, Toni and De Fabritiis, Gianni and No{\'e}, Frank",
  title		= "Identification of Slow Molecular Order Parameters for
		  {M}arkov Model Construction",
  journal	= "J. Chem. Phys.",
  year		= "2013",
  volume	= "139",
  number	= "1",
  pages		= 015102,
  url		= "http://scitation.aip.org/content/aip/journal/jcp/139/1/10.1063/1.4811489",
  doi		= "10.1063/1.4811489"
}



@Article{	  schwantes2013improvements,
  author	= {Schwantes, Christian R. and Pande, Vijay S.},
  title		= {Improvements in {M}arkov State Model Construction Reveal
		  Many Non-Native Interactions in the Folding of {NTL}9},
  journal	= {J. Chem. Theory Comput.},
  volume	= 9,
  number	= 4,
  pages		= {2000--2009},
  year		= 2013,
  doi		= {10.1021/ct300878a}
}


@article{fukui1970formulation,
author = {Kenichi Fukui},
title = {Formulation of the reaction coordinate},
journal = {J. Chem. Phys.},
volume = {74},
number = {23},
pages = {4161-4163},
year = {1970},
doi = {10.1021/j100717a029},
URL = {http://dx.doi.org/10.1021/j100717a029}
}

@article{natanson1991definition,
  title={The definition of reaction coordinates for reaction-path dynamics},
  author={Natanson, Gregory A and Garrett, Bruce C and Truong, Thanh N and Joseph, Tomi and Truhlar, Donald G},
  journal={J. Chem. Phys.},
  volume={94},
  number={12},
  pages={7875--7892},
  year={1991},
  doi={10.1063/1.460123},
  publisher={AIP Publishing}
}

@article{olender1997yet,
title = "Yet another look at the steepest descent path ",
journal = "J. Mol. Struct. (Theochem.)",
volume = "398",
number = "",
pages = "63--71",
year = "1997",
issn = "0166-1280",
doi = "10.1016/S0166-1280(97)00038-9",
url = "http://www.sciencedirect.com/science/article/pii/S0166128097000389",
author = "Roberto Olender and Ron Elber",
keywords = "Brownian trajectories",
keywords = "Minimum energy path",
keywords = "Reaction path",
keywords = "Onsager-Machlup action "
}



@article {heymann2008geometric,
author = {Heymann, Matthias and Vanden-Eijnden, Eric},
title = {The geometric minimum action method: A least action principle on the space of curves},
journal = {Commun. Pure Appl. Math.},
volume = {61},
number = {8},
publisher = {Wiley Subscription Services, Inc., A Wiley Company},
issn = {1097-0312},
url = {http://dx.doi.org/10.1002/cpa.20238},
doi = {10.1002/cpa.20238},
pages = {1052--1117},
year = {2008},
}


@article{Eastman2001simulation,
   author = "Eastman, Peter and Grønbech-Jensen, Niels and Doniach, Sebastian",
   title = "Simulation of protein folding by reaction path annealing",
   journal = "J. Chem. Phys.",
   year = "2001",
   volume = "114",
   number = "8",
   pages = "3823-3841",
   url = "http://scitation.aip.org/content/aip/journal/jcp/114/8/10.1063/1.1342162",
   doi = "10.1063/1.1342162"
}



@article{lipfert2005protein,
title = "Protein Misfolding and Amyloid Formation for the Peptide \{GNNQQNY\} from Yeast Prion Protein Sup35: Simulation by Reaction Path Annealing ",
journal = "J. Mol. Biol.",
volume = "349",
number = "3",
pages = "648 - 658",
year = "2005",
note = "",
issn = "0022-2836",
doi = "http://dx.doi.org/10.1016/j.jmb.2005.03.083",
url = "http://www.sciencedirect.com/science/article/pii/S0022283605003827",
author = "Jan Lipfert and Joel Franklin and Fang Wu and Sebastian Doniach",
keywords = "amyloid",
keywords = "yeast prion",
keywords = "Onsager–Machlup action",
keywords = "reaction-path annealing",
keywords = "cross-beta sheet "
}


@Article{quapp1984analysis,
author="Quapp, Wolfgang
and Heidrich, Dietmar",
title="Analysis of the concept of minimum energy path on the potential energy surface of chemically reacting systems",
journal="Theor. Chim. Acta",
volume="66",
number="3",
year="1984",
pages="245--260",
abstract="Some confusion regarding the properties of minimum energy paths is evident in the literature. We show that a way of steepest descent on a potential surface can be defined independently upon the choice of the coordinate systems. The result is applied to mass-weighted coordinates and their use is critically reviewed. Fukui's IRC appears to be a special case of the steepest descent path starting from a saddle point. The impossibility to define a general ascent path is illustrated and the relations of IRC to real trajectories are discussed.",
issn="1432-2234",
doi="10.1007/BF00549673",
url="http://dx.doi.org/10.1007/BF00549673"
}


@article{tachibana1980novel,
  title={Novel variational principles of chemical reaction},
  author={Tachibana, Akitomo and Fukui, Kenichi},
  journal={Theor. Chim. Acta},
  volume={57},
  number={1},
  pages={81--94},
  year={1980},
  doi={10.1007/bf00547999},
  publisher={Springer}
}

@article{yamashita1981irc,
  title={IRC approach to chemical dynamics: toward mode-selective chemical reactions},
  author={Yamashita, K and Yamabe, T and Fukui, K},
  journal={Chem. Phys. Lett.},
  volume={84},
  number={1},
  pages={123--126},
  year={1981},
  doi={10.1016/0009-2614(81)85383-3},
  publisher={Elsevier}
}

@article{vanden2010transition,
  title={Transition-path theory and path-finding algorithms for the study of rare events},
  author={Vanden-Eijnden, Eric},
  journal={Annu. Rev. Phys. Chem.},
  volume={61},
  pages={391--420},
  year={2010},
  doi={10.1146/annurev.physchem.040808.090412},
  publisher={Annual Reviews}
}

@article{ren2004minimum,
  title={Minimum action method for the study of rare events},
  author={Weinan E and Weiqing Ren and Eric Vanden-Eijnden},
  journal={Commun. Pure Appl. Math.},
  volume={57},
  number={5},
  pages={637--656},
  year={2004},
  doi={10.1002/cpa.20005},
  publisher={Wiley Online Library}
}

@article{e2005finite,
  title={Finite Temperature String Method for the Study of Rare Events},
  author={E, Weinan and Ren, Weiqing and Vanden-Eijnden, Eric},
  journal={J. Phys. Chem. B},
  volume={109},
  number={14},
  doi={10.1021/jp0455430},
  pages={6688--6693},
  year={2005}
}


@article{dellago2002transition,
  title={Transition path sampling},
  author={Dellago, Christoph and Bolhuis, Peter and Geissler, Phillip L},
  journal={Adv. Chem. Phys.},
  volume={123},
  number={1},
  year={2002},
  doi={10.1002/0471231509.ch1},
  publisher={New York, Wiley [etc.] 1958-}
}

@article{weinan2005transition,
  title={Transition pathways in complex systems: Reaction coordinates, isocommittor surfaces, and transition tubes},
  author={Weinan E and Ren, Weiqing and Vanden-Eijnden, Eric},
  journal={Chem. Phys. Lett.},
  volume={413},
  number={1},
  pages={242--247},
  year={2005},
  doi={10.1016/j.cplett.2005.07.084},
  publisher={Elsevier}
}

@article{eyring1935activated,
   author = "Eyring, Henry",
   title = "The Activated Complex in Chemical Reactions",
   journal = "J. Chem. Phys.",
   year = "1935",
   volume = "3",
   number = "2",
   pages = "107-115",
   url = "http://scitation.aip.org/content/aip/journal/jcp/3/2/10.1063/1.1749604",
   doi = "http://dx.doi.org/10.1063/1.1749604"
}



@Article{	  lane2013milliseconds,
  title		= "To Milliseconds and Beyond: Challenges in the Simulation
		  of Protein Folding",
  journal	= "Curr. Opin. Struct. Biol.",
  volume	= "23",
  number	= "1",
  pages		= "58--65",
  year		= "2013",
  issn		= "0959-440X",
  doi		= "10.1016/j.sbi.2012.11.002",
  url		= "http://www.sciencedirect.com/science/article/pii/S0959440X12001820",
  author	= "Thomas J. Lane and Diwakar Shukla and Kyle A. Beauchamp
		  and Vijay S. Pande"
}

@article{hummer2004from,
   author = "Hummer, Gerhard",
   title = "From transition paths to transition states and rate coefficients",
   journal = "J. Chem. Phys.",
   year = "2004",
   volume = "120",
   number = "2",
   pages = "516-523",
   url = "http://scitation.aip.org/content/aip/journal/jcp/120/2/10.1063/1.1630572",
   doi = "10.1063/1.1630572"
}

@article{pande199pathways,
title = "Pathways for protein folding: is a new view needed? ",
journal = "Curr. Opin. Struct. Biol.",
volume = "8",
number = "1",
pages = "68 - 79",
year = "1998",
note = "",
issn = "0959-440X",
doi = "10.1016/S0959-440X(98)80012-2",
url = "http://www.sciencedirect.com/science/article/pii/S0959440X98800122",
author = "Vijay S Pande and Alexander Yu Grosberg and Toyoichi Tanaka and Daniel S Rokhsar"
}


@article{Nadler2006Diffusion,
title = "Diffusion maps, spectral clustering and reaction coordinates of dynamical systems ",
journal = "Appl. Comput. Harmon. Anal.",
volume = "21",
number = "1",
pages = "113 - 127",
year = "2006",
issn = "1063-5203",
doi = "10.1016/j.acha.2005.07.004",
url = "http://www.sciencedirect.com/science/article/pii/S1063520306000534",
author = "Boaz Nadler and St\'{e}phane Lafon and Ronald R. Coifman and Ioannis G. Kevrekidis"
}



@article{krivov2011numerical,
author = {Sergei V. Krivov},
title = {Numerical Construction of the pfold (Committor) Reaction Coordinate for a Markov Process},
journal = {J. Phys. Chem. B},
volume = {115},
number = {39},
pages = {11382-11388},
year = {2011},
doi = {10.1021/jp205231b},
URL = {http://dx.doi.org/10.1021/jp205231b}
}

@article{grunwald2009transition,
  title={Transition state analysis of solid-solid transformations in nanocrystals},
  author={Gr{\"u}nwald, Michael and Dellago, Christoph},
  journal={J. Chem. Phys.},
  volume={131},
  number={16},
  pages={164116},
  year={2009},
  doi={10.1063/1.3253700},
  publisher={AIP Publishing}
}

@article{rogal2008multiple,
  title={Multiple state transition path sampling},
  author={Rogal, Jutta and Bolhuis, Peter G},
  journal={J. Chem. Phys.},
  volume={129},
  number={22},
  pages={224107},
  year={2008},
  doi={10.1063/1.3029696},
  publisher={AIP Publishing}
}

@article{vanErp2005157,
title = "Elaborating transition interface sampling methods ",
journal = "J. Comput. Phys.",
volume = "205",
number = "1",
pages = "157 - 181",
year = "2005",
issn = "0021-9991",
doi = "10.1016/j.jcp.2004.11.003",
url = "http://www.sciencedirect.com/science/article/pii/S0021999104004620",
author = "Titus S. van Erp and Peter G. Bolhuis"
}

@article{voelz2010molecular,
author = {Vincent A. Voelz and Gregory R. Bowman and Kyle Beauchamp and Vijay S. Pande},
title = {Molecular Simulation of ab Initio Protein Folding for a Millisecond Folder NTL9(1-39)},
journal = {J. Am. Chem. Soc.},
volume = {132},
number = {5},
pages = {1526-1528},
year = {2010},
doi = {10.1021/ja9090353},
URL = {http://dx.doi.org/10.1021/ja9090353}}

@article{shukla2014activation,
  doi = {10.1038/ncomms4397},
  url = {http://dx.doi.org/10.1038/ncomms4397},
  year  = {2014},
  month = {mar},
  publisher = {Nature Publishing Group},
  volume = {5},
  pages={1--11},
  author = {Diwakar Shukla and Yilin Meng and Beno{\^{\i}}t Roux and Vijay S. Pande},
  title = {Activation pathway of Src kinase reveals intermediate states as targets for drug design},
  journal = {Nat. Commun.}
}

@Article{	  shirts2000screen,
  doi		= {10.1126/science.290.5498.1903},
  url		= {http://dx.doi.org/10.1126/science.290.5498.1903},
  year		= {2000},
  publisher	= {American Association for the Advancement of Science
		  ({AAAS})},
  volume	= {290},
  number	= {5498},
  pages		= {1903--1904},
  author	= {M. Shirts and Vijay S. Pande},
  title		= {Screen Savers of the World: Unite!},
  journal	= {Science}
}


@article{PhysRev.54.554,
  title = {Initial Recombination of Ions},
  author = {Onsager, L.},
  journal = {Phys. Rev.},
  volume = {54},
  issue = {8},
  pages = {554--557},
  numpages = {0},
  year = {1938},
  month = {Oct},
  publisher = {American Physical Society},
  doi = {10.1103/PhysRev.54.554},
  url = {http://link.aps.org/doi/10.1103/PhysRev.54.554}
}


@book{Golub:1996:MC:248979,
 author = {Golub, Gene H. and Van Loan, Charles F.},
 title = {Matrix Computations (3rd Ed.)},
 year = {1996},
 isbn = {0-8018-5414-8},
 publisher = {Johns Hopkins University Press},
 address = {Baltimore, MD, USA},
}


@Article{	  schmidt1907zur,
  year		= 1907,
  issn		= {0025-5831},
  journal	= {Math. Ann.},
  volume	= 63,
  number	= 4,
  doi		= {10.1007/BF01449770},
  title		= {Zur Theorie der linearen und nichtlinearen
		  Integralgleichungen},
  url		= {http://dx.doi.org/10.1007/BF01449770},
  publisher	= {Springer-Verlag},
  author	= {Schmidt, Erhard},
  pages		= {433--476},
  language	= {German}
}

@Book{		  courant2008methods,
  title		= {Methods of Mathematical Physics Vol. 1},
  author	= {Courant, R. and Hilbert, D.},
  isbn		= 9783527617227,
  url		= {http://books.google.com/books?id=z3s4WnhEAbAC},
  year		= 2008,
  publisher	= {Wiley}
}


@Article{	  micchelli1971some,
  title		= "Some problems in the approximation of functions of two
		  variables and n-widths of integral operators ",
  journal	= "J. Approx. Theory",
  volume	= 24,
  number	= 1,
  pages		= "51--77",
  year		= 1978,
  issn		= "0021-9045",
  doi		= "10.1016/0021-9045(78)90036-9",
  url		= "http://www.sciencedirect.com/science/article/pii/0021904578900369",
  author	= "Charles A. Micchelli and Allan Pinkus"
}


@article{gibbs2002choosing,
  title={On choosing and bounding probability metrics},
  author={Gibbs, Alison L and Su, Francis Edward},
  journal={Int. Stat. Rev.},
  volume={70},
  number={3},
  pages={419--435},
  year={2002},
  doi={10.1111/j.1751-5823.2002.tb00178.x},
  publisher={Wiley Online Library}
}

@Article{eckart1936approximation,
author="Eckart, Carl and Young, Gale",
title="The approximation of one matrix by another of lower rank",
journal="Psychometrika",
volume="1",
number="3",
year="1936",
pages="211--218",
issn="1860-0980",
doi="10.1007/BF02288367",
url="http://dx.doi.org/10.1007/BF02288367"
}

@Article{	  prinz2011markov,
  title		= {Markov models of molecular kinetics: Generation and
		  validation},
  author	= {Prinz, Jan-Hendrik and Wu, Hao and Sarich, Marco and
		  Keller, Bettina and Senne, Martin and Held, Martin and
		  Chodera, John D and Sch{\"u}tte, Christof and No{\'e},
		  Frank},
  journal	= {J. Chem. Phys.},
  volume	= 134,
  number	= 17,
  pages		= 174105,
  year		= 2011,
  publisher	= {AIP Publishing},
  doi		= {10.1063/1.3565032}
}



@article{johnstone2001,
author = "Johnstone, Iain M.",
doi = "10.1214/aos/1009210544",
fjournal = "The Annals of Statistics",
journal = "Ann. Statist.",
month = "04",
number = "2",
pages = "295--327",
publisher = "The Institute of Mathematical Statistics",
title = "On the distribution of the largest eigenvalue in principal
			 components analysis",
url = "http://dx.doi.org/10.1214/aos/1009210544",
volume = "29",
year = "2001"
}


@article{anderson1963,
author = "Anderson, T. W.",
doi = "10.1214/aoms/1177704248",
fjournal = "The Annals of Mathematical Statistics",
journal = "Ann. Math. Statist.",
month = "03",
number = "1",
pages = "122--148",
publisher = "The Institute of Mathematical Statistics",
title = "Asymptotic Theory for Principal Component Analysis",
url = "http://dx.doi.org/10.1214/aoms/1177704248",
volume = "34",
year = "1963"
}


@article{markowitz1952portfolio,
  title={Portfolio selection},
  author={Markowitz, Harry},
  journal={J. Finance},
  volume={7},
  number={1},
  pages={77--91},
  year={1952},
  doi={10.1111/j.1540-6261.1952.tb01525.x},
  publisher={Wiley Online Library}
}


@article{ledoit2003improved,
  title={Improved estimation of the covariance matrix of stock returns with an application to portfolio selection},
  author={Ledoit, Olivier and Wolf, Michael},
  journal={J. Empirical Finance},
  volume={10},
  number={5},
  pages={603--621},
  year={2003},
  doi={10.1016/s0927-5398(03)00007-0},
  publisher={Elsevier}
}

@inproceedings{chen2009shrinkage,
  title={Shrinkage estimation of high dimensional covariance matrices},
  author={Chen, Yilun and Wiesel, Ami and Hero III, Alfred O},
  booktitle={Proc. IEEE Int. Conf. Acoust. Speech Signal Process.},
  pages={2937--2940},
  year={2009},
  doi={10.1109/icassp.2009.4960239}
}

@article{casella1996rao,
  title={Rao-Blackwellisation of sampling schemes},
  author={Casella, George and Robert, Christian P},
  journal={Biometrika},
  volume={83},
  number={1},
  pages={81--94},
  year={1996},
  doi={10.1093/biomet/83.1.81},
  publisher={Biometrika Trust}
}


@article{rhee2005onedimensional,
    author = {Young Min Rhee and Vijay S. Pande},
    title = {One-Dimensional Reaction Coordinate and the Corresponding Potential of Mean Force from Commitment Probability Distribution},
    journal = {J. Phys. Chem. B},
    volume = {109},
    number = {14},
    pages = {6780-6786},
    year = {2005},
    doi = {10.1021/jp045544s},
    URL = {http://dx.doi.org/10.1021/jp045544s},
}

@article{FiPy:2009,
   author =    {Jonathan E. Guyer and Daniel Wheeler and James A. Warren},
   title =     {{FiPy}: Partial Differential Equations with {P}ython},
   publisher = {IEEE},
   year =      2009,
   journal =   {Comput. Sci. Eng.},
   volume =    11,
   number =    3,
   pages =     {6-15},
   url =       {http://www.ctcms.nist.gov/fipy},
   doi =       {10.1109/MCSE.2009.52},
}

@INPROCEEDINGS{7184717,
author={Shenshen Gu and Jiao Peng},
booktitle={Advanced Computational Intelligence (ICACI), 2015 Seventh International Conference on},
title={A neural network based algorithm to compute the distance between a point and an ellipsoid},
year={2015},
pages={294-299},
keywords={gradient methods;mathematics computing;nonlinear programming;recurrent neural nets;cost gradient projection;hyperellipsoid;nonlinear optimization;recurrent neural network;Algebra;Control theory;Iterative methods;Stability},
doi={10.1109/ICACI.2015.7184717},
month={March},}

@article{pope2008algorithms,
  title={Algorithms for ellipsoids},
  author={Pope, Stephen B},
  journal={Cornell University Report No. FDA},
  pages={08--01},
  year={2008}
}

@techreport{lin2001projection,
  title={Projection on an ellipsoid},
  author={Lin, A and Han, SP},
  year={2001},
  institution={Research report, Department of Mathematical Sciences, The Johns Hopkins University}
}

@article {wang2004development,
author = {Wang, Junmei and Wolf, Romain M. and Caldwell, James W. and Kollman, Peter A. and Case, David A.},
title = {Development and testing of a general amber force field},
journal = {J. Comput. Chem.},
volume = {25},
number = {9},
publisher = {Wiley Subscription Services, Inc., A Wiley Company},
issn = {1096-987X},
url = {http://dx.doi.org/10.1002/jcc.20035},
doi = {10.1002/jcc.20035},
pages = {1157--1174},
keywords = {general AMBER force field, additive force field, force field parameterization, restrained electrostatic potential (RESP)},
year = {2004},
}


@Article{	  eastman2013openmm,
  author	= {Eastman, Peter and Friedrichs, Mark S. and Chodera, John
		  D. and Radmer, Randall J. and Bruns, Christopher M. and Ku,
		  Joy P. and Beauchamp, Kyle A. and Lane, Thomas J. and Wang,
		  Lee-Ping and Shukla, Diwakar and Tye, Tony and Houston,
		  Mike and Stich, Timo and Klein, Christoph and Shirts,
		  Michael R. and Pande, Vijay S.},
  title		= {{OpenMM} 4: A Reusable, Extensible, Hardware Independent
		  Library for High Performance Molecular Simulation},
  journal	= {J. Chem. Theory Comput.},
  volume	= 9,
  number	= 1,
  pages		= {461--469},
  year		= 2013,
  doi		= {10.1021/ct300857j},
  url		= {http://pubs.acs.org/doi/abs/10.1021/ct300857j}
}

@Article{	  shaw2010atomic,
  doi		= {10.1126/science.1187409},
  url		= {http://dx.doi.org/10.1126/science.1187409},
  year		= {2010},
  publisher	= {American Association for the Advancement of Science
		  ({AAAS})},
  volume	= {330},
  number	= {6002},
  pages		= {341--346},
  author	= {D. E. Shaw and P. Maragakis and K. Lindorff-Larsen and S.
		  Piana and R. O. Dror and M. P. Eastwood and J. A. Bank and
		  J. M. Jumper and J. K. Salmon and Y. Shan and W. Wriggers},
  title		= {Atomic-Level Characterization of the Structural Dynamics
		  of Proteins},
  journal	= {Science}
}


@article{rohrdanz2011determination,
  title={Determination of reaction coordinates via locally scaled diffusion map},
  author={Rohrdanz, Mary A and Zheng, Wenwei and Maggioni, Mauro and Clementi, Cecilia},
  journal={J. Chem. Phys.},
  volume={134},
  number={12},
  pages={124116},
  year={2011},
  doi={10.1063/1.3569857},
  publisher={AIP Publishing}
}

@article{shwantes2015modeling,
author = {Christian R. Schwantes and Vijay S. Pande},
title = {Modeling Molecular Kinetics with tICA and the Kernel Trick},
journal = {J. Chem. Theory Comput.},
volume = {11},
number = {2},
pages = {600-608},
year = {2015},
doi = {10.1021/ct5007357},
URL = {http://dx.doi.org/10.1021/ct5007357}
}

@book{parlett1980symmetric,
  title={The symmetric eigenvalue problem},
  author={Parlett, Beresford N},
  volume={7},
  year={1980},
  doi={10.1137/1.9781611971163},
  publisher={SIAM}
}

@article{tropp2006just,
  title={Just relax: Convex programming methods for identifying sparse signals in noise},
  author={Tropp, Joel A},
  journal={IEEE Trans. Inf. Theory},
  volume={52},
  number={3},
  pages={1030--1051},
  year={2006},
  doi={10.1109/TIT.2005.864420},
  publisher={IEEE}
}

@inproceedings{mackey2009deflation,
  title={Deflation methods for sparse PCA},
  author={Mackey, Lester W},
  booktitle	= {Adv. Neural Inf. Process. Syst. 21},
  url={http://papers.nips.cc/paper/3575-deflation-methods-for-sparse-pca.pdf},
  pages={1017--1024},
  year={2009}
}


@article{cvxpy,
  author       = {Steven Diamond and Stephen Boyd},
  title        = {{CVXPY}: A {P}ython-Embedded Modeling Language for Convex Optimization},
  journal      = {J.  Mach. Learn. Res.},
  note         = {{To} appear},
  url          = {http://stanford.edu/~boyd/papers/pdf/cvxpy_paper.pdf},
  year         = {2016},
}

@Unpublished{o2013operator,
  title={Operator splitting for conic optimization via homogeneous self-dual embedding},
  author={O'Donoghue, Brendan and Chu, Eric and Parikh, Neal and Boyd, Stephen},
  year = "2013",
  eprint = "1312.3039",
  archivePrefix = "arXiv",
}


@article{dai2006fast,
author = {Yu-Hong Dai},
title = {Fast Algorithms for Projection on an Ellipsoid},
journal = {SIAM J. Optimiz.},
volume = {16},
number = {4},
pages = {986-1006},
year = {2006},
doi = {10.1137/040613305},
URL = {http://dx.doi.org/10.1137/040613305}
}

@article{peters2015common,
author = {Baron Peters},
title = {Common Features of Extraordinary Rate Theories},
journal = {J. Phys. Chem. B},
volume = {119},
number = {21},
pages = {6349-6356},
year = {2015},
doi = {10.1021/acs.jpcb.5b02547},
URL = {http://dx.doi.org/10.1021/acs.jpcb.5b02547}
}

@article{berezhkovskii2013fiffusion,
author = {Alexander M. Berezhkovskii and Attila Szabo},
title = {Diffusion along the Splitting/Commitment Probability Reaction Coordinate},
journal = {J. Phys. Chem. B},
volume = {117},
number = {42},
pages = {13115-13119},
year = {2013},
doi = {10.1021/jp403043a}
}

@article{coifman2008diffusion,
  title={Diffusion maps, reduction coordinates, and low dimensional representation of stochastic systems},
  author={Coifman, Ronald R and Kevrekidis, Ioannis G and Lafon, St{\'e}phane and Maggioni, Mauro and Nadler, Boaz},
  journal={Multiscale Modeling \& Simulation},
  volume={7},
  number={2},
  pages={842--864},
  year={2008},
  publisher={SIAM}
}

@article{kim2015systematic,
   author = "Kim, Sang Beom and Dsilva, Carmeline J. and Kevrekidis, Ioannis G. and Debenedetti, Pablo G.",
   title = "Systematic characterization of protein folding pathways using diffusion maps: Application to Trp-cage miniprotein",
   journal = "J. Chem. Phys.",
   year = "2015",
   volume = "142",
   number = "8",
   pages = "085101",
   url = "http://scitation.aip.org/content/aip/journal/jcp/142/8/10.1063/1.4913322",
   doi = "10.1063/1.4913322"
}


@article{shukla2015markov,
author = {Diwakar Shukla and Carlos X. Hernández and Jeffrey K. Weber and Vijay S. Pande},
title = {Markov State Models Provide Insights into Dynamic Modulation of Protein Function},
journal = {Acc. Chem. Res.},
volume = {48},
number = {2},
pages = {414-422},
year = {2015},
doi = {10.1021/ar5002999}
}


@article{peters2013reaction,
   author = "Peters, Baron and Bolhuis, Peter G. and Mullen, Ryan G. and Shea, Joan-Emma",
   title = "Reaction coordinates, one-dimensional Smoluchowski equations, and a test for dynamical self-consistency",
   journal = "J. Chem. Phys.",
   year = "2013",
   volume = "138",
   number = "5",
   eid = 054106,
   pages = "054106",
   url = "http://scitation.aip.org/content/aip/journal/jcp/138/5/10.1063/1.4775807",
   doi = "10.1063/1.4775807"
}



@book{zwanzig2001nonequilibrium,
  title={Nonequilibrium statistical mechanics},
  author={Zwanzig, Robert},
  year={2001},
  publisher={Oxford University Press, USA}
}


@article{berezhkovskii2005one,
   author = "Berezhkovskii, Alexander and Szabo, Attila",
   title = "One-dimensional reaction coordinates for diffusive activated rate processes in many dimensions",
   journal = "J. Chem. Phys.",
   year = "2005",
   volume = "122",
   number = "1",
   eid = 014503,
   pages = "014503",
   url = "http://scitation.aip.org/content/aip/journal/jcp/122/1/10.1063/1.1818091",
   doi = "10.1063/1.1818091"
}



@book{berne1976dynamic,
  title={Dynamic light scattering: with applications to chemistry, biology, and physics},
  author={Berne, Bruce J and Pecora, Robert},
  year={1976},
  publisher={Courier Corporation}
}

@article{peters2012inertial,
title = "Inertial likelihood maximization for reaction coordinates with high transmission coefficients ",
journal = "Chemical Physics Letters ",
volume = "554",
number = "",
pages = "248 - 253",
year = "2012",
note = "",
issn = "0009-2614",
doi = "10.1016/j.cplett.2012.10.051",
url = "http://www.sciencedirect.com/science/article/pii/S0009261412012183",
author = "Baron Peters"
}

@article{peters2007extensions,
   author = "Peters, Baron and Beckham, Gregg T. and Trout, Bernhardt L.",
   title = "Extensions to the likelihood maximization approach for finding reaction coordinates",
   journal = "J. Chem. Phys.",
   year = "2007",
   volume = "127",
   number = "3",
   eid = 034109,
   pages = "034109",
   doi = "10.1063/1.2748396"
}

@article{krivov2013method,
  title = {Method to describe stochastic dynamics using an optimal coordinate},
  author = {Krivov, Sergei V.},
  journal = {Phys. Rev. E},
  volume = {88},
  issue = {6},
  pages = {062131},
  numpages = {17},
  year = {2013},
  month = {Dec},
  doi = {10.1103/PhysRevE.88.062131},
  url = {http://link.aps.org/doi/10.1103/PhysRevE.88.062131}
}


@article{peters2010peak,
title = "p(TP|q) peak maximization: Necessary but not sufficient for reaction coordinate accuracy ",
journal = "Chem. Phys. Lett.",
volume = "494",
number = "1–3",
pages = "100 - 103",
year = "2010",
issn = "0009-2614",
doi = "10.1016/j.cplett.2010.05.069",
url = "http://www.sciencedirect.com/science/article/pii/S0009261410007359",
author = "Baron Peters"
}



@article{borrero2007reaction,
   author = "Borrero, Ernesto E. and Escobedo, Fernando A.",
   title = "Reaction coordinates and transition pathways of rare events via forward flux sampling",
   journal = "J. Chem. Phys.",
   year = "2007",
   volume = "127",
   number = "16",
   eid = 164101,
   pages = "164101",
   url = "http://scitation.aip.org/content/aip/journal/jcp/127/16/10.1063/1.2776270",
   doi = "10.1063/1.2776270"
}


@article{Walsh_PNAS99,
author = {Walsh, Scott T. R. and Cheng, Hong and Bryson, James W. and Roder, Heinrich and DeGrado, William F.}, 
title = {Solution structure and dynamics of a de novo designed three-helix bundle protein},
volume = {96}, 
number = {10}, 
pages = {5486-5491}, 
year = {1999}, 
doi = {http://dx.doi.org/10.1073/pnas.96.10.5486}, 
URL = {http://www.pnas.org/content/96/10/5486.abstract}, 
journal = {Proc. Natl. Acad. Sci.} 
}


@article{Kubelka_COSB04,
title = "The protein folding ‘speed limit’ ",
journal = "Curr. Opin. Struct. Biol.",
volume = "14",
number = "1",
pages = "76 - 88",
year = "2004",
note = "",
issn = "0959-440X",
doi = "http://dx.doi.org/10.1016/j.sbi.2004.01.013",
url = "http://www.sciencedirect.com/science/article/pii/S0959440X04000144",
author = "Jan Kubelka and James Hofrichter and William A Eaton"
}


@article {LindorffLarsen_Science11,
    author = {Lindorff-Larsen, Kresten and Piana, Stefano and Dror, Ron O. and Shaw, David E.},
    title = {How Fast-Folding Proteins Fold},
    volume = {334},
    number = {6055},
    pages = {517--520},
    year = {2011},
    doi = {10.1016/j.sbi.2004.01.013},
    publisher = {American Association for the Advancement of Science},
    issn = {0036-8075},
    URL = {http://science.sciencemag.org/content/334/6055/517},
    journal = {Science}
}


@article{Banushkina_JCP15,
   author = {Banushkina, Polina V. and Krivov, Sergei V.},
   title = {Nonparametric variational optimization of reaction coordinates},
   journal = {J. Chem. Phys.},
   year = {2015},
   volume = {143},
   number = {8}, 
   eid = {184108},
   pages = {},
   url = {http://scitation.aip.org/content/aip/journal/jcp/143/18/10.1063/1.4935180},
   doi = {10.1063/1.4935180} 
}


@article{Wedemeyer_Biochemistry02,
    Author = {Wedemeyer, William J. and Welker, Ervin and Scheraga, Harold A.},
    Doi = {10.1021/bi020574b},
    Journal = {Biochemistry},
    Number = {50},
    Pages = {14637-14644},
    Title = {Proline Cis−Trans Isomerization and Protein Folding},
    Url = {http://dx.doi.org/10.1021/bi020574b},
    Volume = {41},
    Year = {2002},
}


@book{Rockafellar_Book70,
    Author = {R. Tyrrell Rockafellar},
    Publisher = {Princeton University Press},
    Title = {Convex Analysis},
    Year = {1970},
}


@article{Boninsegna_JCTC15,
    Author = {Boninsegna, Lorenzo and Gobbo, Gianpaolo and No{\'e}, Frank and Clementi, Cecilia},
    Doi = {10.1021/acs.jctc.5b00749},
    Journal = {J. Chem. Theory Comput.},
    Number = {12},
    Pages = {5947-5960},
    Title = {Investigating Molecular Kinetics by Variationally Optimized Diffusion Maps},
    Url = {http://dx.doi.org/10.1021/acs.jctc.5b00749},
    Volume = {11},
    Year = {2015},
}
